@book{Ruppert_2003,
  title={Semiparametric Regression},
  DOI={10.1007/978-0-511-06683-2},
  publisher={Cambridge University Press},
  author={D Ruppert, M Want and R Carroll},
  year={2003}
}

@book{Harezlak_2018,
  place={Springer},
  title={Semiparametric Regression with R},
  DOI={10.1007/978-1-4939-8851-8},
  publisher={Springer Science+Business Media, LLC, part of Springer Nature},
  author={J Harezlak, D Ruppert and M Want},
  year={2018}
}

@article{Hastie_Tibshirani_1986,
author = {Trevor Hastie and Robert Tibshirani},
title = {{Generalized Additive Models}},
volume = {1},
journal = {Statistical Science},
number = {3},
publisher = {Institute of Mathematical Statistics},
pages = {297 -- 310},
keywords = {generalized linear models, nonlinearity, Nonparametric regression, partial residuals, smoothing},
year = {1986},
doi = {10.1214/ss/1177013604},
URL = {https://doi.org/10.1214/ss/1177013604}
}

@article{Hastie_Tibshirani_1993,
    title = {Varying-Coefficient Models},
    volume = {55(4)},
    journal = {Journal of the Royal Statistical Society. Series B (Methodological)},
    author = {T. Hastie and R. Tibshirani},
    year = {1993},
    pages = {757 --96}
}

@article{azzalini1985,
  title={A Class of Distributions which Includes the Normal Ones},
  author={A Azzalini},
  year={1985},
  journal={Scandinavian Journal of Statistics},
  volume={12},
  number={2},
  pages={171-178}
}

@book{azzalini2013,
  place={Cambridge},
  series={Institute of Mathematical Statistics Monographs},
  title={The Skew-Normal and Related Families},
  DOI={10.1017/CBO9781139248891},
  publisher={Cambridge University Press},
  author={Azzalini, Adelchi},
  year={2013},
  collection={Institute of Mathematical Statistics Monographs}
}

@article{azzalini2002_skewt,
  title={Distributions generated by perturbation of symmetry with emphasis on a multivariate skew t-distribution},
  author={A Azzalini and A Capitanio},
  year={2002},
  journal={Journal of the Royal Statistical Society},
  volume={65},
  number={2},
  pages={367-389}
}

@book{azzalini2020,
  place={Springer},
  title={Some Computational Aspects of Maximum Likelihood Estimation of the Skew-t Distribution},
  DOI={10.1007/978-3-030-42196-0_1},
  publisher={Springer Nature Switzerland},
  author={A Azzalini and M Salehi},
  year={2020},
  collection={Computational and Methodological Statistics and Biostatistics}
}

@article{paquetesn,
  title={Package sn, The Skew-Normal and Related Distributions Such as the Skew-t and the SUN},
  author={A Azzallini},
  journal={CRAN},
  year={2021}
}

@article{ppt,
  title={An introduction to the R package sn},
  author={A Azzallini},
  year={2017}
}

